<record><leader>00000cas a2200000 a 4500</leader><controlfield tag="001">31350723</controlfield><controlfield tag="007">hd bfu---baat</controlfield><controlfield tag="007">hd afu---bact</controlfield><controlfield tag="008">941025c18829999nbucr nea     0    0eng d</controlfield><datafield ind1=" " ind2=" " tag="010"><subfield code="a">sn 94056389 </subfield></datafield><datafield ind1=" " ind2=" " tag="040"><subfield code="a">NVG</subfield><subfield code="b">eng</subfield><subfield code="c">NVG</subfield><subfield code="d">OCL</subfield><subfield code="d">OCLCQ</subfield><subfield code="d">OCLCF</subfield><subfield code="d">OCLCO</subfield></datafield><datafield ind1="1" ind2=" " tag="029"><subfield code="a">AU@</subfield><subfield code="b">000011369179</subfield></datafield><datafield ind1=" " ind2=" " tag="042"><subfield code="a">msc</subfield></datafield><datafield ind1=" " ind2=" " tag="043"><subfield code="a">n-us-nb</subfield></datafield><datafield ind1="0" ind2="4" tag="245"><subfield code="a">The Falls City journal</subfield><subfield code="h">[microform].</subfield></datafield><datafield ind1="1" ind2="3" tag="246"><subfield code="a">Daily journal</subfield><subfield code="f">May 5, 1909-Apr. 2, 1914</subfield></datafield><datafield ind1=" " ind2=" " tag="260"><subfield code="a">Falls City, Richardson County, Neb. :</subfield><subfield code="b">May &amp; Pepoon,</subfield><subfield code="c">1882-</subfield></datafield><datafield ind1=" " ind2=" " tag="300"><subfield code="a">v.</subfield></datafield><datafield ind1=" " ind2=" " tag="310"><subfield code="a">Semiweekly (except holidays),</subfield><subfield code="b">Jan. 4, 1994-</subfield></datafield><datafield ind1=" " ind2=" " tag="321"><subfield code="a">Weekly,</subfield><subfield code="b">Feb. 11, 1882-Dec. 4, 1908</subfield></datafield><datafield ind1=" " ind2=" " tag="321"><subfield code="a">Daily (except Sundays),</subfield><subfield code="b">Dec. 8, 1908-June 10, 1978</subfield></datafield><datafield ind1=" " ind2=" " tag="321"><subfield code="a">Daily (except Saturday, Sundays, and holidays),</subfield><subfield code="b">June 12, 1978-Dec. 31, 1993</subfield></datafield><datafield ind1="0" ind2=" " tag="362"><subfield code="a">Vol. 15, no. 734 (Feb. 11, 1882)-41st year, whole no. 1233 [i.e. 2133] (Dec. 4, 1908) ; v. 1, no. 1 (Dec. 8, 1908)-v. 1, no. 56 (Feb. 10, 1909) ; v. 41, no. 57 (Feb. 11, 1909)-</subfield></datafield><datafield ind1=" " ind2=" " tag="515"><subfield code="a">Issues for Oct. 2-Dec. 4, 1908 called 41st year, whole no. 1224-1233 but constitute 41st year, whole no. 2124-2133.</subfield></datafield><datafield ind1=" " ind2=" " tag="515"><subfield code="a">Numbering very irregular.</subfield></datafield><datafield ind1=" " ind2=" " tag="580"><subfield code="a">Absorbed: Falls City daily news, 1934; and: Shubert citizen, 1942.</subfield></datafield><datafield ind1=" " ind2=" " tag="533"><subfield code="a">Microfilm.</subfield><subfield code="m">1882-1883,1885-1949:[Gaps]</subfield><subfield code="b">Lincoln, Neb. :</subfield><subfield code="c">Nebraska State Historical Society,</subfield><subfield code="d">-1977.</subfield><subfield code="e">95 microfilm reels ; 35 mm.</subfield></datafield><datafield ind1=" " ind2="0" tag="651"><subfield code="a">Falls City (Neb.)</subfield><subfield code="v">Newspapers.</subfield></datafield><datafield ind1=" " ind2="0" tag="651"><subfield code="a">Richardson County (Neb.)</subfield><subfield code="v">Newspapers.</subfield></datafield><datafield ind1=" " ind2="7" tag="655"><subfield code="a">Newspapers.</subfield><subfield code="2">fast</subfield><subfield code="0">(OCoLC)fst01423814</subfield></datafield><datafield ind1=" " ind2="7" tag="651"><subfield code="a">Nebraska</subfield><subfield code="z">Falls City.</subfield><subfield code="2">fast</subfield><subfield code="0">(OCoLC)fst01221280</subfield></datafield><datafield ind1=" " ind2="7" tag="651"><subfield code="a">Nebraska</subfield><subfield code="z">Richardson County.</subfield><subfield code="2">fast</subfield><subfield code="0">(OCoLC)fst01212383</subfield></datafield><datafield ind1=" " ind2=" " tag="752"><subfield code="a">United States</subfield><subfield code="b">Nebraska</subfield><subfield code="c">Richardson</subfield><subfield code="d">Falls City.</subfield></datafield><datafield ind1="1" ind2=" " tag="776"><subfield code="c">Original</subfield><subfield code="x">1074-3480</subfield><subfield code="w">(DLC)sn 86063422</subfield></datafield><datafield ind1="0" ind2="0" tag="780"><subfield code="t">Globe-journal</subfield><subfield code="w">(DLC)sn 94056388</subfield></datafield><datafield ind1="1" ind2="5" tag="780"><subfield code="t">Falls City daily news</subfield><subfield code="w">(DLC)sn 94056437</subfield></datafield><datafield ind1="1" ind2="5" tag="780"><subfield code="t">Shubert citizen</subfield><subfield code="w">(DLC)sn 95070225</subfield></datafield></record>